<record><leader>00000cas a22000007a 4500</leader><controlfield tag="001">32068716</controlfield><controlfield tag="008">950301c19449999tnudr ne      0    0eng d</controlfield><datafield ind1=" " ind2=" " tag="010"><subfield code="a">sn2002062600</subfield></datafield><datafield ind1=" " ind2=" " tag="040"><subfield code="a">TET</subfield><subfield code="b">eng</subfield><subfield code="c">TET</subfield><subfield code="d">TGN</subfield><subfield code="d">OCL</subfield><subfield code="d">TGN</subfield><subfield code="d">OCLCQ</subfield><subfield code="d">OCLCF</subfield></datafield><datafield ind1="1" ind2=" " tag="029"><subfield code="a">AU@</subfield><subfield code="b">000023506469</subfield></datafield><datafield ind1=" " ind2=" " tag="032"><subfield code="a">295720</subfield><subfield code="b">USPS</subfield></datafield><datafield ind1=" " ind2=" " tag="042"><subfield code="a">msc</subfield></datafield><datafield ind1=" " ind2=" " tag="043"><subfield code="a">n-us-tn</subfield></datafield><datafield ind1=" " ind2=" " tag="090"><subfield code="a">Newspaper</subfield></datafield><datafield ind1="0" ind2="0" tag="245"><subfield code="a">Kingsport times-news.</subfield></datafield><datafield ind1="1" ind2=" " tag="246"><subfield code="i">Issues distributed outside the metropolitan area, Sept. 29, 1980-July 25, 1981, have title:</subfield><subfield code="a">Times-news state</subfield></datafield><datafield ind1="1" ind2=" " tag="246"><subfield code="i">Issues distributed outside the metropolitan area, July 26, 1981-Oct. 1, 1986, have title:</subfield><subfield code="a">Times-news Tri-City edition</subfield></datafield><datafield ind1="1" ind2=" " tag="246"><subfield code="i">Issues distributed outside the metropolitan area, Oct. 2, 1986-&lt;Aug. 28, 1987&gt;, have title:</subfield><subfield code="a">Kingsport times-news Tri-City edition</subfield></datafield><datafield ind1="1" ind2=" " tag="246"><subfield code="i">Issues distributed in Virginia, Sept. 29, 1980-&lt;Aug. 28, 1987&gt;, have title:</subfield><subfield code="a">Times-news Virginia</subfield></datafield><datafield ind1="1" ind2=" " tag="246"><subfield code="i">Issues distributed in Virginia, &lt;Sept. 24, 1987-Dec. 31, 1992&gt;, have title:</subfield><subfield code="a">Kingsport time-news Southwest Virginia edition</subfield></datafield><datafield ind1="1" ind2="7" tag="246"><subfield code="a">Times-news</subfield></datafield><datafield ind1=" " ind2=" " tag="260"><subfield code="a">Kingsport, Tenn. :</subfield><subfield code="b">[Kingsport Pub. Co.],</subfield><subfield code="c">1944-</subfield></datafield><datafield ind1=" " ind2=" " tag="300"><subfield code="a">v. :</subfield><subfield code="b">ill. ;</subfield><subfield code="c">60 cm.</subfield></datafield><datafield ind1=" " ind2=" " tag="310"><subfield code="a">Daily,</subfield><subfield code="b">Sept. 29, 1980-</subfield></datafield><datafield ind1=" " ind2=" " tag="321"><subfield code="a">Weekly (Sun.),</subfield><subfield code="b">Dec. 17, 1944-June 30, 1974</subfield></datafield><datafield ind1=" " ind2=" " tag="321"><subfield code="a">Twice a week (Sat. &amp; Sun.),</subfield><subfield code="b">July 6, 1974-Sept. 28, 1980</subfield></datafield><datafield ind1="0" ind2=" " tag="362"><subfield code="a">Vol. 1, no. 1 (Dec. 17, 1944)-</subfield></datafield><datafield ind1=" " ind2=" " tag="580"><subfield code="a">Morning ed.: Kingsport news, Dec. 17, 1944-Sept. 26, 1980.</subfield></datafield><datafield ind1=" " ind2=" " tag="580"><subfield code="a">Afternoon ed.: Kingsport times, Dec. 17, 1944-Sept. 26, 1980.</subfield></datafield><datafield ind1=" " ind2=" " tag="580"><subfield code="a">Absorbed: Kingsport times, and: Kingsport news, Sept. 29, 1980.</subfield></datafield><datafield ind1=" " ind2="0" tag="651"><subfield code="a">Kingsport (Tenn.)</subfield><subfield code="v">Newspapers.</subfield></datafield><datafield ind1=" " ind2="0" tag="651"><subfield code="a">Sullivan County (Tenn.)</subfield><subfield code="v">Newspapers.</subfield></datafield><datafield ind1=" " ind2="7" tag="655"><subfield code="a">Newspapers.</subfield><subfield code="2">fast</subfield><subfield code="0">(OCoLC)fst01423814</subfield></datafield><datafield ind1=" " ind2="7" tag="651"><subfield code="a">Tennessee</subfield><subfield code="z">Kingsport.</subfield><subfield code="2">fast</subfield><subfield code="0">(OCoLC)fst01215433</subfield></datafield><datafield ind1=" " ind2="7" tag="651"><subfield code="a">Tennessee</subfield><subfield code="z">Sullivan County.</subfield><subfield code="2">fast</subfield><subfield code="0">(OCoLC)fst01207171</subfield></datafield><datafield ind1=" " ind2=" " tag="752"><subfield code="a">United States</subfield><subfield code="b">Tennessee</subfield><subfield code="c">Sullivan</subfield><subfield code="d">Kingsport.</subfield></datafield><datafield ind1="0" ind2=" " tag="775"><subfield code="t">Kingsport times</subfield><subfield code="w">(DLC)sn2002062502</subfield></datafield><datafield ind1="0" ind2=" " tag="775"><subfield code="t">Kingsport news</subfield><subfield code="w">(DLC)sn 99065865</subfield></datafield><datafield ind1="0" ind2=" " tag="775"><subfield code="t">Hawkins edition</subfield></datafield><datafield ind1="0" ind2="7" tag="780"><subfield code="t">Kingsport times</subfield><subfield code="g">Dec. 17, 1944</subfield><subfield code="w">(DLC)sn2002062502</subfield></datafield><datafield ind1="1" ind2="5" tag="780"><subfield code="t">Kingsport times</subfield><subfield code="w">(DLC)sn2002062502</subfield></datafield><datafield ind1="1" ind2="5" tag="780"><subfield code="t">Kingsport news</subfield><subfield code="w">(DLC)sn 99065865</subfield></datafield></record>